%% references.bib - contains BiBtex input for bibliography
    
%%%%%%%%%%%%%%%%%%%%%%%%%%%%%%%%%%%%%%%%%%%%%%%%%%%%%%%%%%%%%%%%%%%%%%%%%%%%%%%%%%%%%%%%%% 
%%%%%%%%%%%%%%%%%%%%%%%%%%%%%%%%%%%%%%%%%%%%%%%%%%%%%%%%%%%%%%%%%%%%%%%%%%%%%%%%%%%%%%%%%%
%%%%%%%%%%%%%%%%%%%%%%%%%%%%%%%%%%%%%%%%%%%%%%%%%%%%%%%%%%%%%%%%%%%%%%%%%%%%%%%%%%%%%%%%%%
%%%%%%%%%%%%%%%%%%%%%%%%%%%%%%%%%%%%%%%%%%%%%%%%%%%%%%%%%%%%%%%%%%%%%%%%%%%%%%%%%%%%%%%%%%
    
%=========================================================================================
%====================================== Army DSIAC =======================================
%=========================================================================================

@article{Hall2019ProbabilisticObjectDetection,
	author    = {D. Hall and
	F. Dayoub and
	J. Skinner and
	P. Corke and
	G. Carneiro and
	N. S{\"{u}}nderhauf},
	title     = {Probability-based Detection Quality {(PDQ):} {A} Probabilistic Approach
	to Detection Evaluation},
	journal   = {CoRR},
	volume    = {abs/1811.10800},
	year      = {2018},
	url       = {http://arxiv.org/abs/1811.10800},
	archivePrefix = {arXiv},
	eprint    = {1811.10800},
}

@InProceedings{Mahalanobis2019DSIACCharacterization,
	author = {A. Mahalanobis and B. McIntosh},
	title = {A Comparison of Target Detection Algorithms Using DSIAC ATR Algorithm Development Data Set},
	booktitle = {},
	series = {Proc.SPIE},
	volume = {},
	year = {2019},
	pages = {},
	month = {Apr.},
	doi = {},
	URL = {},
	eprint = {}
}

@InProceedings{Tanner2019DSIACNeuralNet,
	author = {I. L. Tanner and A. Mahalanobis},
	title = {Fundamentals of Target Classification Using Deep Learning},
	booktitle = {},
	series = {Proc.SPIE},
	volume = {},
	year = {2019},
	pages = {},
	month = {Apr.},
	doi = {},
	URL = {},
	eprint = {}
}


%=========================================================================================
%======================= Manifold/ Representation Learning ===============================
%=========================================================================================


%%%%%%%%%%%%%%%%%%%%%%%%%%%%%% Self Organizing Maps %%%%%%%%%%%%%%%%%%%%%%%%%%%%%%%%%%%%%%

@ARTICLE{Rauber2002, 
	author={A. Rauber and D. Merkl and M. Dittenbach}, 
	journal={IEEE Transactions on Neural Networks}, 
	title={The growing hierarchical self-organizing map: exploratory analysis of high-dimensional data}, 
	year={2002}, 
	volume={13}, 
	number={6}, 
	pages={1331-1341}, 
	doi={10.1109/TNN.2002.804221}, 
	ISSN={1045-9227}, 
	month={Nov},
}

@ARTICLE{Chiang1997, 
	author={J. Chiang and P. D. Gader}, 
	journal={IEEE Transactions on Fuzzy Systems}, 
	title={Hybrid fuzzy-neural systems in handwritten word recognition}, 
	year={1997}, 
	volume={5}, 
	number={4}, 
	pages={497-510}, 
	doi={10.1109/91.649901}, 
	ISSN={1063-6706}, 
	month={Nov},
}

@ARTICLE{Frigui2009, 
	author={H. Frigui and P. Gader}, 
	journal={IEEE Transactions on Fuzzy Systems}, 
	title={Detection and Discrimination of Land Mines in Ground-Penetrating Radar Based on Edge Histogram Descriptors and a Possibilistic $K$-Nearest Neighbor Classifier}, 
	year={2009}, 
	volume={17}, 
	number={1}, 
	doi={10.1109/TFUZZ.2008.2005249}, 
	ISSN={1063-6706}, 
	month={Feb},
}

@ARTICLE{Kohonen1990, 
	author={T. Kohonen}, 
	journal={Proceedings of the IEEE}, 
	title={The self-organizing map}, 
	year={1990}, 
	volume={78}, 
	number={9}, 
	pages={1464-1480}, 
	doi={10.1109/5.58325}, 
	ISSN={0018-9219}, 
	month={Sep.},}

%%%%%%%%%%%%%%%%%%%%%%%%%%%%%%%%% Autoencoder %%%%%%%%%%%%%%%%%%%%%%%%%%%%%%%%%%%%%%%%%%%%

@book{Goodfellow2016,
	title={Deep Learning},
	author={I. Goodfellow and Y. Bengio and A. Courville},
	publisher={MIT Press},
	note={\url{http://www.deeplearningbook.org}},
	year={2016}
}

@book{Haykin2009,
	address = {Upper Saddle River, NJ},
	author = {S. S. Haykin},
	edition = {Third},
	publisher = {Pearson Education},
	title = {Neural networks and learning machines},
	year = {2009}
}


%=========================================================================================
%============================ Mulitple Instance Learning =================================
%=========================================================================================



%=========================================================================================
%================================== Sensor Fusion ========================================
%=========================================================================================



%=========================================================================================
%========================= Outlier/ Adversarial Detection ================================
%=========================================================================================




%=========================================================================================
%================================ Semantic Segmentation ==================================
%=========================================================================================




%=========================================================================================
%===================================== Context ===========================================
%=========================================================================================



%%%%%%%%%%%%%%%%%%%%%%%%%%%%%%%%%%%%%%%%%%%%%%%%%%%%%%%%%%%%%%%%%%%%%%%%%%%%%%%%%%%%%%%%%% 
%%%%%%%%%%%%%%%%%%%%%%%%%%%%%%%%%%%%%%%%%%%%%%%%%%%%%%%%%%%%%%%%%%%%%%%%%%%%%%%%%%%%%%%%%%
%%%%%%%%%%%%%%%%%%%%%%%%%%%%%%%%%%%%%%%%%%%%%%%%%%%%%%%%%%%%%%%%%%%%%%%%%%%%%%%%%%%%%%%%%%
%%%%%%%%%%%%%%%%%%%%%%%%%%%%%%%%%%%%%%%%%%%%%%%%%%%%%%%%%%%%%%%%%%%%%%%%%%%%%%%%%%%%%%%%%%

%=========================================================================================
%====================================== Features/DSRF ====================================
%=========================================================================================
@InProceedings{Wei2011, 
	author={M. Wei and W. R. {Scott Jr.} and J. H. McClellan}, 
	booktitle={2011 IEEE International Geoscience and Remote Sensing Symposium}, 
	title={Landmine detection using the discrete spectrum of relaxation frequencies}, 
	year={2011}, 
	volume={}, 
	number={}, 
	pages={834-837}, 
	doi={10.1109/IGARSS.2011.6049260}, 
	ISSN={2153-7003}, 
	month={July},
}

@InProceedings{Hayes2018,
	author = { C. E.  Hayes and W. R. {Scott Jr.} and J. H. McClellan},
	title = {Exploiting measurement subspaces for wideband electromagnetic induction processing},
	booktitle = {Detection and Sensing of Mines, Explosive Objects, and Obscured Targets XXIII, 106280M},
	series = {Proc.SPIE},
	volume = {10628},
	year = {2018},
	pages = {10628 - 10628 - 20},
	month = {Apr.},
	doi = {10.1117/12.2305169},
	URL = {https://doi.org/10.1117/12.2305169},
	eprint = {}
}

@InProceedings{Hayes2017Novel,
	author = { C. E. Hayes and J.H. McClellan and W. R. {Scott Jr.}},
	title = {Novel model based {EMI} processing framework},
	booktitle = {Detection and Sensing of Mines, Explosive Objects, and Obscured Targets XXII, 1018218},
	journal = {Proc.SPIE},
	volume = {10182},
	pages = {10182 - 10182 - 17},
	year = {2017},
	month = {May},
	doi = {10.1117/12.2262884},
	URL = {https://doi.org/10.1117/12.2262884},
}

@InProceedings{Hayes2017LowRank, 
	author={C. E. Hayes and J. H. McClellan and W. R. {Scott Jr.}}, 
	booktitle={2017 IEEE International Conference on Acoustics, Speech and Signal Processing (ICASSP)}, 
	title={Low-rank physical model recovery from low-rank signal approximation}, 
	year={2017}, 
	volume={}, 
	number={}, 
	pages={3131-3135}, 
	doi={10.1109/ICASSP.2017.7952733}, 
	ISSN={2379-190X}, 
	month={March},
}

@inproceedings{Hayes2016MatchedFilter,
	author = {C. E. Hayes and J. H. McClellan and W. R. {Scott Jr.} and A. J. Kerr},
	title = {Improved electromagnetic induction processing with novel adaptive matched filter and matched subspace detection},
	booktitle = {Detection and Sensing of Mines, Explosive Objects, and Obscured Targets XXI, 98230E},
	volume = {9823},
	series = {Proc. SPIE},
	pages = {9823 - 9823 - 14},
	year = {2016},
	month = {May},
	doi = {10.1117/12.2224681}
}

@InProceedings{Hayes2015SparseRecovery, 
	author={C. E. Hayes and J. H. McClellan and W. R. {Scott Jr.}}, 
	booktitle={2015 IEEE Signal Processing and Signal Processing Education Workshop (SP/SPE)}, 
	title={Sparse recovery using an SVD approach to interference removal and parameter estimation}, 
	year={2015}, 
	volume={}, 
	number={}, 
	pages={202-207}, 
	doi={10.1109/DSP-SPE.2015.7369553}, 
	ISSN={}, 
	month={Aug},
}

@proceeding{Scott2014,
	author = { W. R. {Scott Jr.} and G. D. Larson and C. E.  Hayes and J. H. McClellan},
	title = {Experimental detection and discrimination of buried targets using an improved broadband CW electromagnetic induction sensor},
	journal = {Proc.SPIE},
	volume = {9072},
	number = {},
	pages = {9072 - 9072 - 15},
	year = {2014},
	doi = {10.1117/12.2050457},
	URL = {https://doi.org/10.1117/12.2050457},
	eprint = {}
}

@InProceedings{Wei2010,
	author = { M. Wei and W. R. {Scott Jr.} and J. H. McClellan},
	title = {Robust estimation of the discrete spectrum of relaxations from multiple-electromagnetic induction responses},
	booktitle = {Detection and Sensing of Mines, Explosive Objects, and Obscured Targets XVII, 83570A},
	series = {Proc.SPIE},
	volume = {8357},
	pages = {8357 - 8357 - 9},
	year = {2012},
	month = {May},
	doi = {10.1117/12.919608},
	URL = {https://doi.org/10.1117/12.919608},
}

@InProceedings{Scott2010,
	author = { W. R. {Scott Jr.} and G. D. Larson},
	title = {Measured dipole expansion of discrete relaxations to represent the electromagnetic induction response of buried metal targets},
	booktitle = {Detection and Sensing of Mines, Explosive Objects, and Obscured Targets XV, 76640E},
	series = {Proc.SPIE},
	volume = {7664},
	pages = {7664 - 7664 - 11},
	year = {2010},
	month = {Apr.},
	doi = {10.1117/12.852669},
	URL = {https://doi.org/10.1117/12.852669},
}


@InProceedings{Fails2008,
	author = { E. B. Fails and P. A. Torrione and W. R. {Scott Jr.} and L. M. Collins},
	title = {Performance comparison of frequency domain quadrupole and dipole electromagnetic induction sensors in a landmine detection application},
	booktitle = {Detection and Sensing of Mines, Explosive Objects, and Obscured Targets XIII, 695304},
	journal = {Proc. SPIE},
	volume = {6953},
	pages = {6953 - 6953 - 11},
	year = {2008},
	month = {Apr.}
	doi = {10.1117/12.778898},
	URL = {https://doi.org/10.1117/12.778898},
}

@InProceedings{Scott2008, 
	author={W. R. {Scott Jr.}}, 
	booktitle={IGARSS 2008 - 2008 IEEE Int. Geoscience and Remote Sensing Symp.}, 
	title={Broadband Array of Electromagnetic Induction Sensors for Detecting Buried Landmines}, 
	year={2008}, 
	volume={2}, 
	number={},  
	doi={10.1109/IGARSS.2008.4779006}, 
	ISSN={2153-6996}, 
	month={July},
}

@InProceedings{Fails2007,
	author = { E. B. Fails and P. A. Torrione and W. R. {Scott Jr.} and L. M. Collins},
	title = {Performance of a four parameter model for modeling landmine signatures in frequency domain wideband electromagnetic induction detection systems},
	booktitle = {Detection and Remediation Technologies for Mines and Minelike Targets XII, 65530D},
	series = {Proc. SPIE},
	volume = {6553},
	year = {2007},
	month = {Apr.},
	doi = {April},
	URL = {https://doi.org/10.1117/12.719460},
}


@InProceedings{Scott2007, 
	author={W. R. {Scott Jr.}}, 
	booktitle={2007 IEEE International Geoscience and Remote Sensing Symposium}, 
	title={Broadband electromagnetic induction sensor for detecting buried landmines}, 
	year={2007}, 
	volume={}, 
	number={}, 
	pages={22-25}, 
	doi={10.1109/IGARSS.2007.4422720}, 
	ISSN={2153-6996}, 
	month={July},}


%=========================================================================================
%================================= General LM Detection ==================================
%=========================================================================================

@InProceedings{Dula2013,
	author = { J. Dula and A. Zare and D. K. C. Ho and P. Gader},
	title = {Landmine classification using possibilistic K-nearest neighbors with wideband electromagnetic induction data},
	booktitle = {Proc. SPIE 8709, Detection and Sensing of Mines, Explosive Objects, and Obscured Targets XVIII, 87091F},
	series = {Proc. SPIE},
	volume = {8709},
	pages = {8709 - 8709 - 12},
	year = {2013},
	month = {June},
	doi = {10.1117/12.2016490},
	URL = {https://doi.org/10.1117/12.2016490},
}


@proceeding{Harris2017,
	author = { S. Harris and B. Alvey and D. K. C. Ho and A. Zare},
	title = {LBP features for hand-held ground penetrating radar},
	journal = {Proc.SPIE},
	volume = {10182},
	number = {},
	pages = {10182 - 10182 - 9},
	year = {2017},
	doi = {10.1117/12.2263199},
	URL = {https://doi.org/10.1117/12.2263199},
	eprint = {}
}

@proceeding{Eismann2012,
	author = { M. T. Eismann},
	title = {Hyperspectral  Remote Sensing},
	journal = {SPIE},
	year = {2012},
}

@InProceedings{Smith2017,
	author = {R. Smith and D. Anderson and J. Ball and A. Zare and B. Alvey},
	title = {Aggregation of Choquet integrals in {GPR} and {EMI} for handheld platform-based explosive hazard detection},
	booktitle = {Detection and Sensing of Mines, Explosive Objects, and Obscured Targets XXII, 1018217},
	series = {Proc. SPIE},
	volume = {10182},
	pages = {10182 - 10182 - 15},
	year = {2017},
	month = {May},
	doi = {10.1117/12.2263005}
}


%=========================================================================================
%======================================== JOMP ===========================================
%=========================================================================================


@InProceedings{Goldberg2012,
	author = { S. Goldberg and T. Glenn and J. N. Wilson and P. D. Gader},
	title = {Landmine detection using two-tapped joint orthogonal matching pursuits},
	booktitle = {Detection and Sensing of Mines, Explosive Objects, and Obscured Targets XVII, 83570B},
	series = {Proc. SPIE},
	volume = {8357},
	pages = {8357 - 8357 - 8},
	year = {2012},
	month = {May},
	doi = {10.1117/12.927443},
	URL = {https://doi.org/10.1117/12.927443},
	eprint = {}
}


@ARTICLE{Mallat1993, 
	author={S. G. Mallat and Zhifeng Zhang}, 
	journal={IEEE Transactions on Signal Processing}, 
	title={Matching pursuits with time-frequency dictionaries}, 
	year={1993}, 
	volume={41}, 
	number={12}, 
	pages={3397-3415},  
	doi={10.1109/78.258082}, 
	ISSN={1053-587X}, 
	month={Dec},
}

@ARTICLE{Cai2011, 
	author={T. T. Cai and L. Wang}, 
	journal={IEEE Transactions on Information Theory}, 
	title={Orthogonal Matching Pursuit for Sparse Signal Recovery With Noise}, 
	year={2011}, 
	volume={57}, 
	number={7}, 
	pages={4680-4688}, 
	doi={10.1109/TIT.2011.2146090}, 
	ISSN={0018-9448}, 
	month={July},
}

@ARTICLE{Mazhar2009, 
	author={R. Mazhar and P. D. Gader and J. N. Wilson}, 
	journal={IEEE Transactions on Fuzzy Systems}, 
	title={Matching-Pursuits Dissimilarity Measure for Shape-Based Comparison and Classification of High-Dimensional Data}, 
	year={2009}, 
	volume={17}, 
	number={5}, 
	pages={1175-1188}, 
	doi={10.1109/TFUZZ.2009.2024413}, 
	ISSN={1063-6706}, 
	month={Oct},
}

%=========================================================================================
%==================================== SMF/ ACE/ MIACE ====================================
%=========================================================================================
@InProceedings{Alvey2016,
	author = {B. Alvey and A. Zare and M. Cook and D. K. C. Ho},
	title = {Adaptive coherence estimator {(ACE)} for explosive hazard detection using wideband electromagnetic induction {(WEMI)}},
	booktitle = {Proc. SPIE 9823, Detection and Sensing of Mines, Explosive Objects, and Obscured Targets XXI, 982309},
	series = {Proc. SPIE},
	pages = {9823 - 9823 - 7},
	year = {2016},
	volume = {9823},
	month = {Apr.},
	doi = {10.1117/12.2223347},
}

@InProceedings{Cook2016,
	author = {M. Cook and A. Zare and D. K. C. Ho},
	title = {Buried object detection using handheld WEMI with task-driven extended functions of multiple instances},
	booktitle = {Proc. SPIE 9823, Detection and Sensing of Mines, Explosive Objects, and Obscured Targets XXI, 98230A},
	series = {Proc. SPIE},
	pages = {9823 - 9823 - 9},
	year = {2016},
	volume = {9823},
	month = {Apr.},
	doi = {10.1117/12.2223349},
}

@article{Zare2016,
	author    = {A. Zare and C. Jiao and T. C. Glenn},
	title     = {Multiple Instance Hyperspectral Target Characterization},
	journal   = {CoRR},
	volume    = {abs/1606.06354},
	year      = {2016},
	url       = {http://arxiv.org/abs/1606.06354},
	archivePrefix = {arXiv},
	eprint    = {1606.06354},
	biburl    = {https://dblp.org/rec/bib/journals/corr/ZareJG16},
	bibsource = {dblp computer science bibliography, https://dblp.org}
}

@InProceedings{Alvey2017,
	author = { B.  Alvey and D. K. C. Ho and A. Zare},
	title = {Fourier features for explosive hazard detection using a wideband electromagnetic induction sensor},
	booktitle = {Detection and Sensing of Mines, Explosive Objects, and Obscured Targets XXII, 101820E},
	series = {Proc. SPIE},
	volume = {10182},
	pages = {10182 - 10182 - 9},
	year = {2017},
	month = {May},
	doi = {10.1117/12.2263019},
	URL = {https://doi.org/10.1117/12.2263019},
	eprint = {}
}

@InProceedings{Jiao2017, 
	author={C. Jiao and A. Zare}, 
	booktitle={2017 IEEE Int. Geoscience and Remote Sensing Symp. (IGARSS)}, 
	title={Multiple instance hybrid estimator for learning target signatures}, 
	year={2017}, 
	volume={}, 
	number={}, 
	pages={988-991},  
	doi={10.1109/IGARSS.2017.8127120}, 
	ISSN={2153-7003}, 
	month={July},
}

@InProceedings{Maron1998,
	title = {A Framework for Multiple-Instance Learning},
	author = {O. Maron and T. Lozano-P\'{e}rez},
	booktitle = {Advances in Neural Information Processing Systems 10},
	editor = {M. I. Jordan and M. J. Kearns and S. A. Solla},
	pages = {570-576},
	year = {1998},
	publisher = {MIT Press},
	url = {http://papers.nips.cc/paper/1346-a-framework-for-multiple-instance-learning.pdf}
}

@InProceedings{Zhang2001,
	author = {Qi Zhang and Sally A. Goldman},
	title = {{EM-DD}: An Improved Multiple-Instance Learning Technique},
	booktitle = {In Advances in Neural Information Processing Systems},
	year = {2001},
	pages = {1073-1080},
	publisher = {MIT Press}
}

@InProceedings{Shrivastava2014, 
	author={A. Shrivastava and J. K. Pillai and V. M. Patel and R. Chellappa}, 
	booktitle={2014 IEEE Int. Conf. on Image Processing (ICIP)}, 
	title={Dictionary-based multiple instance learning}, 
	year={2014}, 
	volume={}, 
	number={}, 
	pages={160-164}, 
	doi={10.1109/ICIP.2014.7025031}, 
	ISSN={1522-4880}, 
	month={Oct},
}

@ARTICLE{Jiao2015, 
	author={C. {Jiao} and A. {Zare}}, 
	journal={IEEE Transactions on Geoscience and Remote Sensing}, 
	title={Functions of Multiple Instances for Learning Target Signatures}, 
	year={2015}, 
	volume={53}, 
	number={8}, 
	pages={4670-4686}, 
	doi={10.1109/TGRS.2015.2406334}, 
	ISSN={0196-2892}, 
	month={Aug},}

%=========================================================================================
%======================================== Mean Shift =====================================
%=========================================================================================

@ARTICLE{Fukunaga1975, 
	author={K. Fukunaga and L. Hostetler}, 
	journal={IEEE Trans. on Info. Theory}, 
	title={The estimation of the gradient of a density function, with applications in pattern recognition}, 
	year={1975}, 
	volume={21}, 
	number={1}, 
	pages={32-40}, 
	doi={10.1109/TIT.1975.1055330}, 
	ISSN={0018-9448}, 
	month={Jan.},
}

@article{Carreira2015,
	author    = {M. {\'{A}}. Carreira{-}Perpi{\~{n}}{\'{a}}n},
	title     = {A review of mean-shift algorithms for clustering},
	journal   = {CoRR},
	volume    = {abs/1503.00687},
	year      = {2015},
	url       = {http://arxiv.org/abs/1503.00687},
	archivePrefix = {arXiv},
	eprint    = {1503.00687},
}

@article{Comaniciu2002,
	title={Mean Shift: A Robust Approach Toward Feature Space Analysis},
	author={D. Comaniciu and P. Meer},
	journal={IEEE Trans. Pattern Anal. Mach. Intell.},
	year={2002},
	volume={24},
	pages={603-619}
}

%=========================================================================================
%====================================== HAC ==============================================
%=========================================================================================
@book{Murphy2012,
	author = {K. P. Murphy},
	title = {Machine Learning: A Probabilistic Perspective},
	year = {2012},
	isbn = {0262018020, 9780262018029},
	publisher = {The MIT Press},
} 

%=========================================================================================
%========================================== Soil =========================================
%=========================================================================================

@ARTICLE{Takahashi2014, 
	author={K. Takahashi and J. Igel and H. Preetz and M. Sato}, 
	journal={IEEE Transactions on Geoscience and Remote Sensing}, 
	title={Influence of Heterogeneous Soils and Clutter on the Performance of Ground-Penetrating Radar for Landmine Detection}, 
	year={2014}, 
	volume={52}, 
	number={6}, 
	pages={3464-3472}, 
	doi={10.1109/TGRS.2013.2273082}, 
	ISSN={0196-2892}, 
	month={June},
}

@article{Takahashi2013,
	author = {K. Takahashi and H. Preetz and J. Igel},
	year = {2013},
	month = {01},
	pages = {52-57},
	title = {Influence of Soil Properties on the Performance of Metal Detectors and {GPR}},
	volume = {17},
	journal = {Journal of ERW and Mine Action}
}

@ARTICLE{Das2006, 
	author={Y. Das}, 
	journal={IEEE Trans. on Geoscience and Remote Sensing}, 
	title={Effects of soil electromagnetic properties on metal detectors}, 
	year={2006}, 
	volume={44}, 
	number={6}, 
	pages={1444-1453},  
	doi={10.1109/TGRS.2006.870401}, 
	ISSN={0196-2892}, 
	month={June},
}

@article{Cross2008,
	author = {G. Cross},
	year = {2008},
	month = {Nov.},
	title = {Soil Electromagnetic Properties and Metal Detector Performance: Theory and Measurement}
}

@inproceedings{Vijayakumar2015, 
	author={S. Vijayakumar and M. J. Thomas}, 
	booktitle={2015 13th Int. Conf. on Electromagnetic Interference and Compatibility (INCEMIC)}, 
	title={Study of propagation of ultra-wide band electromagnetic pulse through a dispersive soil medium for the detection of buried unexploded ordnance}, 
	year={2015}, 
	volume={}, 
	number={}, 
	pages={81-86}, 
	doi={10.1109/INCEMIC.2015.8055852}, 
	ISSN={2573-3303}, 
	month={July},
}


@article{Kelley2017,
	author = {J. Kelley and C. W. Higgins and M. Pahlow and J. Noller},
	year = {2017},
	month = {07},
	pages = {},
	title = {Mapping Soil Texture by Electromagnetic Induction: A Case for Regional Data Coordination},
	volume = {81},
	journal = {Soil Science Society of America Journal},
	doi = {10.2136/sssaj2016.12.0432}
}

@article{Lopera2007,
	title = {Prediction of the effects of soil and target properties on the antipersonnel landmine detection performance of ground-penetrating radar: A Colombian case study},
	journal = {Journal of Applied Geophysics},
	volume = {63},
	number = {1},
	pages = {13 - 23},
	year = {2007},
	issn = {0926-9851},
	doi = {https://doi.org/10.1016/j.jappgeo.2007.02.002},
	url = {http://www.sciencedirect.com/science/article/pii/S0926985107000250},
	author = {O. Lopera and N. Milisavljevic},
}

@article{Dabas2007,
	author = {M. Dabas and A. Jolivet and A. Tabbagh},
	year = {2007},
	month = {Apr.},
	pages = {101 - 109},
	title = {Magnetic susceptibility and viscosity of soils in a weak time varying field},
	volume = {108},
	journal = {Geophysical Journal International},
	doi = {10.1111/j.1365-246X.1992.tb00841.x}
}





