@article{Ma2016,
title = "Graph-based semi-supervised learning for spectral-spatial hyperspectral image classification ",
journal = "Pattern Recognition Letters ",
volume = "",
number = "",
pages = " - ",
year = "2016",
note = "",
issn = "0167-8655",
doi = "http://dx.doi.org/10.1016/j.patrec.2016.01.022",
url = "http://www.sciencedirect.com/science/article/pii/S0167865516000349",
author = "Li Ma and Andong Ma and Cai Ju and Xingmei Li",
keywords = "Hyperspectral images",
keywords = "Graph based semi-supervised learning",
keywords = "Sum of minimum distance (SMD)",
keywords = "Spatial regularization",
keywords = "Remote sensing "
}

