@article{Zhang2016,
title = "Spectralâ€“spatial hyperspectral image ensemble classification via joint sparse representation ",
journal = "Pattern Recognition ",
volume = "",
number = "",
pages = " - ",
year = "2016",
note = "",
issn = "0031-3203",
doi = "http://dx.doi.org/10.1016/j.patcog.2016.01.033",
url = "http://www.sciencedirect.com/science/article/pii/S0031320316000546",
author = "Erlei Zhang and Xiangrong Zhang and Licheng Jiao and Lin Li and Biao Hou",
keywords = "Classification",
keywords = "Ensemble learning",
keywords = "Hyperspectral imagery",
keywords = "Joint sparse recovery",
keywords = "Spatial correlation "
}

