@article{CisseParsevalNetworks,
	author = {Moustapha, Cisse and Piotr, Bojanowski and Edouard, Grave and Yann, Dauphin and Nicolas, Usunier},
	year = {2017},
	month = {04},
	pages = {},
	title = {Parseval Networks: Improving Robustness to Adversarial Examples},
	journal = {Proc. Int. Conf. Machine Learning}
}

@article{FawziRobustnessAdversarial,
	author = {Fawzi, Alhussein and Fawzi, Omar and Frossard, Pascal},
	title = {Analysis of Classifiers' Robustness to Adversarial Perturbations},
	journal = {Machine Learn},
	issue_date = {March 2018},
	volume = {107},
	number = {3},
	month = {Mar},
	year = {2018},
	issn = {0885-6125},
	pages = {481--508},
	numpages = {28},
	acmid = {3190091},
	publisher = {Kluwer Academic Publishers},
	address = {Hingham, MA, USA},
} 

@article{GoodfellowHarnessingAdversarial,
	author = {Goodfellow, Ian and Shlens, Jonathon and Szegedy, Christian},
	year = {2014},
	month = {12},
	pages = {},
	title = {Explaining and Harnessing Adversarial Examples},
	journal = {arXiv 1412.6572}
}

@article{GuTowardsDNNRobust,
	author    = {Shixiang Gu and Luca Rigazio},
	title     = {Towards Deep Neural Network Architectures Robust to Adversarial Examples},
	journal   = {CoRR},
	volume    = {abs/1412.5068},
	year      = {2014},
	url       = {http://arxiv.org/abs/1412.5068},
	archivePrefix = {arXiv},
	eprint    = {1412.5068},
	timestamp = {Mon, 13 Aug 2018 16:46:33 +0200},
	biburl    = {https://dblp.org/rec/bib/journals/corr/GuR14},
	bibsource = {dblp computer science bibliography, https://dblp.org}
}

@article{MiyatoDistributionalSmoothing,
	author    = {Takeru Miyato and Shin{-}ichi Maeda and Masanori Koyama and Ken Nakae and Shin Ishii},
	title     = {Distributional Smoothing by Virtual Adversarial Examples},
	journal   = {CoRR},
	volume    = {abs/1507.00677},
	year      = {2015},
	url       = {http://arxiv.org/abs/1507.00677},
	archivePrefix = {arXiv},
	eprint    = {1507.00677},
	timestamp = {Mon, 13 Aug 2018 01:00:00 +0200},
	biburl    = {https://dblp.org/rec/bib/journals/corr/MiyatoMKNI15},
	bibsource = {dblp computer science bibliography, https://dblp.org}
}

@article{PapernotDistillationDefense,
	author    = {Nicolas Papernot and Patrick D. McDaniel and Xi Wu and Somesh Jha and Ananthram Swami},
	title     = {Distillation as a Defense to Adversarial Perturbations against Deep Neural Networks},
	journal   = {CoRR},
	volume    = {abs/1511.04508},
	year      = {2015},
	url       = {http://arxiv.org/abs/1511.04508},
	archivePrefix = {arXiv},
	eprint    = {1511.04508},
	timestamp = {Mon, 13 Aug 2018 16:46:52 +0200},
	biburl    = {https://dblp.org/rec/bib/journals/corr/PapernotMWJS15},
	bibsource = {dblp computer science bibliography, https://dblp.org}
}

@article{SzegedyIntriguingProps,
	author    = {Christian Szegedy and Wojciech Zaremba and Ilya Sutskever and Joan Bruna and Dumitru Erhan and Ian J. Goodfellow and Rob Fergus},
	title     = {Intriguing properties of neural networks},
	journal   = {CoRR},
	volume    = {abs/1312.6199},
	year      = {2013},
	url       = {http://arxiv.org/abs/1312.6199},
	archivePrefix = {arXiv},
	eprint    = {1312.6199},
	timestamp = {Mon, 13 Aug 2018 16:47:28 +0200},
	biburl    = {https://dblp.org/rec/bib/journals/corr/SzegedyZSBEGF13},
	bibsource = {dblp computer science bibliography, https://dblp.org}
}

@article{MoosaviDeepFool,
  author    = {Seyed{-}Mohsen Moosavi{-}Dezfooli and Alhussein Fawzi and Pascal Frossard},
  title     = {DeepFool: a simple and accurate method to fool deep neural networks},
  journal   = {CoRR},
  volume    = {abs/1511.04599},
  year      = {2015},
  url       = {http://arxiv.org/abs/1511.04599},
  archivePrefix = {arXiv},
  eprint    = {1511.04599},
  timestamp = {Mon, 13 Aug 2018 16:47:14 +0200},
  biburl    = {https://dblp.org/rec/bib/journals/corr/Moosavi-Dezfooli15},
  bibsource = {dblp computer science bibliography, https://dblp.org}
}

@article{HaberStableArchDNN,
  Author    = {Eldad Haber and Lars Ruthotto},
  Title     = {Stable Architectures for Deep Neural Networks},
  journal   = {CoRR},
  volume    = {abs/1705.03341},
  Year      = {2017},
  url       = {https://arxiv.org/abs/1705.03341v2},
  archivePrefix = {arXiv},
  Eprint = {arXiv:1705.03341},
  Doi = {10.1088/1361-6420/aa9a90},
}