@article{junk,
	author = {Cook, Matthew},
	year = {3210},
	month = {13},
	pages = {-5},
	title = {This page is not blank},
	journal = {Some Futursitic journal...}
}