@article{LLE,
 author = {Saul, Lawrence K. and Roweis, Sam T.},
 title = {Think Globally, Fit Locally: Unsupervised Learning of Low Dimensional Manifolds},
 journal = {J. Mach. Learn. Res.},
 issue_date = {12/1/2003},
 volume = {4},
 month = dec,
 year = {2003},
 issn = {1532-4435},
 pages = {119--155},
 numpages = {37},
 url = {http://dx.doi.org/10.1162/153244304322972667},
 doi = {10.1162/153244304322972667},
 acmid = {945372},
 publisher = {JMLR.org},
} 

@article{EntropicGraphsDimMan,
  author    = {Jose A. Costa and
               Alfred O. Hero III},
  title     = {Geodesic entropic graphs for dimension and entropy estimation in manifold learning},
  journal   = {{IEEE} Trans. Signal Processing},
  volume    = {52},
  number    = {8},
  pages     = {2210--2221},
  year      = {2004},
  url       = {http://dx.doi.org/10.1109/TSP.2004.831130},
  doi       = {10.1109/TSP.2004.831130},
  timestamp = {Wed, 09 Mar 2016 16:11:24 +0100},
  biburl    = {http://dblp2.uni-trier.de/rec/bib/journals/tsp/CostaH04},
  bibsource = {dblp computer science bibliography, http://dblp.org}
}

@article{IsoMultiMan,
 author = {Fan, Mingyu and Zhang, Xiaoqin and Qiao, Hong and Zhang, Bo},
 title = {Efficient Isometric Multi-manifold Learning Based on the Self-organizing Method},
 journal = {Inf. Sci.},
 issue_date = {June 2016},
 volume = {345},
 number = {C},
 month = jun,
 year = {2016},
 issn = {0020-0255},
 pages = {325--339},
 numpages = {15},
 url = {http://dx.doi.org/10.1016/j.ins.2016.01.069},
 doi = {10.1016/j.ins.2016.01.069},
 acmid = {2903101},
 publisher = {Elsevier Science Inc.},
 address = {New York, NY, USA},
 keywords = {Isomap, Manifold learning, Multi-manifold embedding, Nonlinear dimensionality reduction, Pattern analysis},
}

@article{TensorVoteDimMan,
  author    = {Philippos Mordohai and
               G{'{e}}rard G. Medioni},
  title     = {Dimensionality Estimation, Manifold Learning and Function Approximation
               using Tensor Voting},
  journal   = {Journal of Machine Learning Research},
  volume    = {11},
  pages     = {411--450},
  year      = {2010},
  url       = {http://doi.acm.org/10.1145/1756006.1756018},
  doi       = {10.1145/1756006.1756018},
  timestamp = {Thu, 22 Apr 2010 13:26:26 +0200},
  biburl    = {http://dblp.uni-trier.de/rec/bib/journals/jmlr/MordohaiM10},
  bibsource = {dblp computer science bibliography, http://dblp.org}
}

@article{OOSManClass,
  author    = {Elif Vural and
               Christine Guillemot},
  title     = {Out-of-Sample Generalizations for Supervised Manifold Learning for
               Classification},
  journal   = {{IEEE} Trans. Image Processing},
  volume    = {25},
  number    = {3},
  pages     = {1410--1424},
  year      = {2016},
  url       = {http://dx.doi.org/10.1109/TIP.2016.2520368},
  doi       = {10.1109/TIP.2016.2520368},
  timestamp = {Wed, 09 Mar 2016 14:46:54 +0100},
  biburl    = {http://dblp.uni-trier.de/rec/bib/journals/tip/VuralG16},
  bibsource = {dblp computer science bibliography, http://dblp.org}
}


@article{OOSManBengioEtAl,
  title={Out-of-sample extensions for lle, isomap, mds, eigenmaps, and spectral clustering},
  author={Bengio, Yoshua and Paiement, Jean-Fran{c{c}}ois and Vincent, Pascal and Delalleau, Olivier and Le Roux, Nicolas and Ouimet, Marie},
  journal={Advances in neural information processing systems},
  volume={16},
  pages={177--184},
  year={2004},
  publisher={Cambridge, MA, USA: MIT Press}
}

@ARTICLE{ManFeatHSIReview, 
author={D. Lunga and S. Prasad and M. M. Crawford and O. Ersoy}, 
journal={IEEE Signal Processing Magazine}, 
title={Manifold-Learning-Based Feature Extraction for Classification of Hyperspectral Data: A Review of Advances in Manifold Learning}, 
year={2014}, 
volume={31}, 
number={1}, 
pages={55-66}, 
month={Jan},}

@ARTICLE{SpecClusMan, 
author={Y. Wang and Y. Jiang and Y. Wu and Z. H. Zhou}, 
journal={IEEE Transactions on Neural Networks}, 
title={Spectral Clustering on Multiple Manifolds}, 
year={2011}, 
volume={22}, 
number={7}, 
pages={1149-1161}, 
keywords={eigenvalues and eigenfunctions;manifolds;matrix algebra;pattern clustering;SMMC;affinity matrix;data manifold;eigenvector;grouping method;local geometric information;spectral multimanifold clustering;Clustering methods;Covariance matrix;Estimation;Euclidean distance;Learning systems;Manifolds;Tuning;Clustering;local tangent space;manifold clustering;spectral clustering;Algorithms;Artificial Intelligence;Cluster Analysis;Computer Simulation;Database Management Systems;Humans;Image Processing, Computer-Assisted;Pattern Recognition, Automated}, 
doi={10.1109/TNN.2011.2147798}, 
ISSN={1045-9227}, 
month={July},}

@ARTICLE{SammonOrig, 
author={John W. Sammon},
title={A nonlinear mapping for data structure analysis},
journal={IEEE Transactions on Computing}, 
volume={18},
year={1969},}

@article{SammonBregDiv,
title = "Extending Sammon mapping with Bregman divergences ",
journal = "Information Sciences ",
volume = "187",
number = "",
pages = "72 - 92",
year = "2012",
note = "",
issn = "0020-0255",
doi = "http://dx.doi.org/10.1016/j.ins.2011.10.013",
url = "http://www.sciencedirect.com/science/article/pii/S0020025511005561",
author = "Jigang Sun and Colin Fyfe and Malcolm Crowe",
keywords = "Metric multidimensional scaling",
keywords = "Sammon mapping",
keywords = "LeftSammon",
keywords = "RightSammon",
keywords = "Bregman divergence",
keywords = "Visualisation quality assessment criterion "
}

@ARTICLE{OrigLLE, 
title={Nonlinear Dimensionality Reduction by Locally Linear Embedding},
author={Sam T. Roweis and Lawrence K. Saul},
journal={Science},
volume={290},
year={2000},}

@ARTICLE{OrigIso, 
title={A Global Geometric Framework for Nonlinear Dimensionality Reduction},
author={Joshua B. Tenenbaum, Vin de Silva, John C. Langford},
journal={Science},
volume={290},
year={2000},}

@ARTICLE{ManGraphSemiHSIClass,
author={Li Ma and Melba M. Crawford and Xiaoquan Yang and Yan Guo},
title={Local-Manifold-Learning-Based Graph Construction for Semisupervised Hyperspectral Image Classification},
journal={IEEE Trans. Geoscience and Remote Sensing},
volume={53},
number={5},
pages={2832-2844},
year={2015},}

@article{BubenikPersistent,
 author = {Bubenik, Peter},
 title = {Statistical Topological Data Analysis Using Persistence Landscapes},
 journal = {J. Mach. Learn. Res.},
 issue_date = {January 2015},
 volume = {16},
 number = {1},
 month = jan,
 year = {2015},
 issn = {1532-4435},
 pages = {77--102},
 numpages = {26},
 url = {http://dl.acm.org/citation.cfm?id=2789272.2789275},
 acmid = {2789275},
 publisher = {JMLR.org},
 keywords = {persistence landscape, persistent homology, statistical topology, topological data analysis, topological summary},
} 
