@article{Sun201272,
title = "Extending Sammon mapping with Bregman divergences ",
journal = "Information Sciences ",
volume = "187",
number = "",
pages = "72 - 92",
year = "2012",
note = "",
issn = "0020-0255",
doi = "http://dx.doi.org/10.1016/j.ins.2011.10.013",
url = "http://www.sciencedirect.com/science/article/pii/S0020025511005561",
author = "Jigang Sun and Colin Fyfe and Malcolm Crowe",
keywords = "Metric multidimensional scaling",
keywords = "Sammon mapping",
keywords = "LeftSammon",
keywords = "RightSammon",
keywords = "Bregman divergence",
keywords = "Visualisation quality assessment criterion "
}

